<record><leader>00000cas a22000007a 4500</leader><controlfield tag="001">17735930</controlfield><controlfield tag="008">880405d19451957ohuen ne      0    0eng d</controlfield><datafield ind1=" " ind2=" " tag="010"><subfield code="a">sn 88078406 </subfield></datafield><datafield ind1=" " ind2=" " tag="040"><subfield code="a">ONP</subfield><subfield code="b">eng</subfield><subfield code="c">ONP</subfield><subfield code="d">OCLCQ</subfield></datafield><datafield ind1=" " ind2=" " tag="042"><subfield code="a">msc</subfield></datafield><datafield ind1="0" ind2="4" tag="245"><subfield code="a">The Advance of Hiram College.</subfield></datafield><datafield ind1=" " ind2=" " tag="260"><subfield code="a">Hiram, Ohio :</subfield><subfield code="b">Students of Hiram College,</subfield><subfield code="c">1945-1957.</subfield></datafield><datafield ind1=" " ind2=" " tag="300"><subfield code="a">v.</subfield></datafield><datafield ind1=" " ind2=" " tag="310"><subfield code="a">Biweekly (during the school year),</subfield><subfield code="b">Nov. 30, 1956-June 3, 1957</subfield></datafield><datafield ind1=" " ind2=" " tag="321"><subfield code="a">Biweekly (during the school year),</subfield><subfield code="b">Jan. 20, 1945-May 26, 1953</subfield></datafield><datafield ind1=" " ind2=" " tag="321"><subfield code="a">Weekly (during the school year),</subfield><subfield code="b">Sept. 22, 1953-Nov. 16, 1956</subfield></datafield><datafield ind1="0" ind2=" " tag="362"><subfield code="a">Vol. 50, no. 5 (Jan. 20, 1945)-v. 62, no. 18 (June 3, 1957).</subfield></datafield><datafield ind1=" " ind2=" " tag="500"><subfield code="a">Published for the students of Hiram College.</subfield></datafield><datafield ind1=" " ind2=" " tag="752"><subfield code="a">United States</subfield><subfield code="b">Ohio</subfield><subfield code="c">Portage</subfield><subfield code="d">Hiram.</subfield></datafield><datafield ind1="0" ind2="0" tag="780"><subfield code="t">Advance (Hiram, Ohio : 1920)</subfield><subfield code="w">(DLC)sn 88078405</subfield></datafield><datafield ind1="0" ind2="0" tag="785"><subfield code="t">Terrier (Hiram, Ohio : 1957)</subfield><subfield code="w">(DLC)sn 88078407</subfield></datafield></record>